@misc{dowJones,
    author = {University of California Irvine},
    title = {Dow Jones Index Data Set},
    date = {2011},
    howpublished = {archive.ics.uci.edu/ml/datasets/Dow+Jones+Index},
}

@article{LMSRpredictionMarkets,
    author = {Carvalho},
    title = {A permissioned blockchain-based implementation of LMSR prediction markets},
    journal = {Decision Support Systems},
    year = {2020},
    volume = {130},
}

@inproceedings{windForcasting,
  title={Towards the use of blockchain prediction markets for forecasting wind power},
  author={Shamsi, Mahdieh and Cuffe, Paul},
  booktitle={2020 6th IEEE International Energy Conference (ENERGYCon)},
  pages={847--852},
  year={2020},
  organization={IEEE}
}

@article{contractPredictionMarkets,
    author = {Wang and Ni and Yuan and Wang and Wang and Ouyang},
    title = {A Preliminary Research of Prediction Markets Based on Blockchain Powered Smart Contracts},
    journal = {IEEE},
    year = {2018},
}

@article{priceOfTrust,
    author={Sarpatwar and Ganapavarapu and Shanmugam and Rahman and Vaculin},
    booktitle={2019 IEEE/CVF Conference on Computer Vision and Pattern Recognition Workshops (CVPRW)},
    title={Blockchain Enabled AI Marketplace: The Price You Pay for Trust},
    year={2019}
}

@inproceedings{sharingModels,
  title={Decentralized \& collaborative ai on blockchain},
  author={Justin, D and Harris, BW},
  booktitle={Proceedings of the 2019 IEEE International Conference on Blockchain (Blockchain), Atlanta, GA, USA},
  pages={14--17},
  year={2019}
}

@article{deepPrediction,
  title={Short-term stock market price trend prediction using a comprehensive deep learning system},
  author={Shen, Jingyi and Shafiq, M Omair},
  journal={Journal of big Data},
  volume={7},
  number={1},
  pages={1--33},
  year={2020},
  publisher={SpringerOpen}
}

@article{democratizedAI,
    title = {Distributed, decentralized, and democratized artificial intelligence},
    journal = {Technological Forecasting and Social Change},
    volume = {141},
    pages = {354-358},
    year = {2019},
    issn = {0040-1625},
    doi = {https://doi.org/10.1016/j.techfore.2018.11.010},
    author = {Gabriel Axel Montes and Ben Goertzel}
}

% Background
@article{LSTM,
    author = {Hochreiter and Schmidhuber},
    title = {Long Short-Term Memory},
    journal = {Neural Computation},
    year = {1997},
}

@article{RNN,
    author = {Rumelhard and Hinton and Williams},
    title = {Learning Internal Representations by Error Propagation},
    journal = {Paralell Distributed Processing: Exploration in the Microstructure of Cognition},
    year = {1985},
    volume = {1},
}

@article{preceptrons,
  title={{The Perceptron: A perceiving and recognizing automaton}},
  author={Rosenblatt, F},
  journal={Cornell University, Ithaca, NY, Project PARA, Cornell Aeronaunt Laboratory, Rep},
  pages={85--460},
  year={1957}
}

@article{GRU,
      title={Learning Phrase Representations using RNN Encoder-Decoder for Statistical Machine Translation},
      author={Kyunghyun Cho and Bart van Merrienboer and Caglar Gulcehre and Dzmitry Bahdanau and Fethi Bougares and Holger Schwenk and Yoshua Bengio},
      year={2014},
      eprint={1406.1078},
      archivePrefix={arXiv},
      primaryClass={cs.CL}
}

@article{weightGuessing,
  title={Bridging long time lags by weight guessing and “Long Short-Term Memory”},
  author={Hochreiter, Sepp and Schmidhuber, Jurgen},
  journal={Spatiotemporal models in biological and artificial systems},
  volume={37},
  number={65-72},
  pages={11},
  year={1996},
  publisher={IOS Press Amsterdam, Netherlands}
}

@article{recurrentModeling,
    author = {Chung and Gulcehre and Cho and Bengio},
    title = {Empirical Evaluation of Gated Recurrent Neural Networks on Sequence Modeling},
    journal = {Neural and Evolutionary Computing},
    year = {2014},
}

@article {brierScore,
      author = "Christopher A. T. Ferro",
      title = "Comparing Probabilistic Forecasting Systems with the Brier Score",
      journal = "Weather and Forecasting",
      year = "2007",
      publisher = "American Meteorological Society",
      address = "Boston MA, USA",
      volume = "22",
      number = "5",
      doi = "https://doi.org/10.1175/WAF1034.1",
      pages= "1076 - 1088",
      url = "https://journals.ametsoc.org/view/journals/wefo/22/5/waf1034_1.xml"
}

@article{crosby2016blockchain,
  title={Blockchain technology: Beyond bitcoin},
  author={Crosby, Michael and Pattanayak, Pradan and Verma, Sanjeev and Kalyanaraman, Vignesh and others},
  journal={Applied Innovation},
  volume={2},
  number={6-10},
  pages={71},
  year={2016}
}

@inproceedings{gilad2017algorand,
  title={Algorand: Scaling byzantine agreements for cryptocurrencies},
  author={Gilad, Yossi and Hemo, Rotem and Micali, Silvio and Vlachos, Georgios and Zeldovich, Nickolai},
  booktitle={Proceedings of the 26th symposium on operating systems principles},
  pages={51--68},
  year={2017}
}

@article{dimitri2022proof,
  title={Proof-of-Stake in Algorand},
  author={Dimitri, Nicola},
  journal={Distributed Ledger Technologies: Research and Practice},
  volume={1},
  number={2},
  pages={1--17},
  year={2022},
  publisher={ACM New York, NY}
}

@article{harris2020leveraging,
  title={Leveraging Blockchain for Greater Accessibility of Machine Learning Models},
  author={Harris, Justin D},
  journal={Stan. J. Blockchain L. \& Pol'y},
  volume={4},
  pages={145},
  year={2020},
  publisher={HeinOnline}
}

@inproceedings{harris2020analysis,
  title={Analysis of models for decentralized and collaborative AI on blockchain},
  author={Harris, Justin D},
  booktitle={Blockchain--ICBC 2020: Third International Conference, Held as Part of the Services Conference Federation, SCF 2020, Honolulu, HI, USA, September 18-20, 2020, Proceedings 3},
  pages={142--153},
  year={2020},
  organization={Springer}
}

@article{yang2019federated,
  title={Federated machine learning: Concept and applications},
  author={Yang, Qiang and Liu, Yang and Chen, Tianjian and Tong, Yongxin},
  journal={ACM Transactions on Intelligent Systems and Technology (TIST)},
  volume={10},
  number={2},
  pages={1--19},
  year={2019},
  publisher={ACM New York, NY, USA}
}

@inproceedings{androulaki2018hyperledger,
  title={Hyperledger fabric: a distributed operating system for permissioned blockchains},
  author={Androulaki, Elli and Barger, Artem and Bortnikov, Vita and Cachin, Christian and Christidis, Konstantinos and De Caro, Angelo and Enyeart, David and Ferris, Christopher and Laventman, Gennady and Manevich, Yacov and others},
  booktitle={Proceedings of the thirteenth EuroSys conference},
  pages={1--15},
  year={2018}
}

@article{benet2014ipfs,
  title={Ipfs-content addressed, versioned, p2p file system},
  author={Benet, Juan},
  journal={arXiv preprint arXiv:1407.3561},
  year={2014}
}

@inproceedings{brown2013dynamic,
  title={Dynamic-radius species-conserving genetic algorithm for the financial forecasting of dow jones index stocks},
  author={Brown, Michael Scott and Pelosi, Michael J and Dirska, Henry},
  booktitle={Machine Learning and Data Mining in Pattern Recognition: 9th International Conference, MLDM 2013, New York, NY, USA, July 19-25, 2013. Proceedings 9},
  pages={27--41},
  year={2013},
  organization={Springer}
}