@book{test,
    author = {author},
    title = {title},
    date = {date},
}