@misc{dowJones,
    author = {University of California, Irvine},
    title = {Dow Jones Index Data Set},
    date = {2011},
    howpublished = {https://archive.ics.uci.edu/ml/datasets/Dow+Jones+Index},
}